% This file was created with JabRef 2.9b2.
% Encoding: UTF-8

@BOOK{Duque,
  title = {Python para todos},
  author = {Raúl González Duque},
  owner = {pedro},
  timestamp = {2013.08.05}
}

@BOOK{Infante2012,
  title = {Curso Django},
  publisher = {Maestros del Web},
  year = {2012},
  author = {Sergio Infante},
  owner = {pedro},
  quality = {1},
  timestamp = {2013.11.14}
}

@BOOK{Lutz2011,
  title = {Programming Python},
  year = {2011},
  editor = {O'Reilly},
  author = {Mark Lutz},
  edition = {4},
  owner = {pedro},
  timestamp = {2013.08.05}
}

@BOOK{Lutz2012,
  title = {Learning Python},
  publisher = {O'Reilly},
  year = {2012},
  author = {Mark Lutz},
  owner = {pedro},
  quality = {1},
  timestamp = {2013.10.03}
}

@BOOK{Marzal2003,
  title = {Introducción a la programación con Python},
  year = {2003},
  author = {Andrés Marzal and Isabel Gracia},
  owner = {pedro},
  timestamp = {2013.08.05}
}

@BOOK{Stallings2005,
  title = {Organización y Arquitectura de Computadoras},
  year = {2005},
  author = {William Stallings},
  edition = {7},
  owner = {pedro},
  timestamp = {2013.08.07}
}

@BOOK{Ziade2008,
  title = {Expert Python Programming},
  year = {2008},
  author = {Tarek Ziadé},
  owner = {pedro},
  timestamp = {2013.08.05}
}

@comment{jabref-meta: selector_publisher:}

@comment{jabref-meta: selector_author:}

@comment{jabref-meta: selector_journal:}

@comment{jabref-meta: selector_keywords:}

